@article{Menger:AreVariablesNecessaryInCalculus,
  title     = {Are variables necessary in calculus?},
  author    = {Menger, Karl},
  journal   = {The American Mathematical Monthly},
  volume    = {56},
  number    = {9},
  pages     = {609--620},
  year      = {1949},
  publisher = {Taylor \& Francis}
}

@book{Rudin:MathematicalAnalysis,
  title     = {Principles of Mathematical Analysis},
  author    = {Rudin, Walter},
  isbn      = {9780070542358},
  year      = {1976},
  publisher = {McGraw-Hill},
  edition   = {3},
  pages     = {136--137, 141--142},
  address   = {New York}
}

@article{Ruan:OpinionsOnSolidGeometryUsingSets,
  title   = {关于立体几何应用集合论符号的几点看法},
  author  = {阮龙培},
  key     = {ruan3 long2 pei2},
  journal = {数学通报},
  volume  = {1},
  pages   = {31},
  year    = {1986}
}

@book{Zhang:Analysis,
  title     = {数学分析新讲},
  author    = {张筑生},
  key       = {zhang1 zhu4 sheng1},
  isbn      = {9787301008461},
  year      = {1990},
  volume    = {1},
  pages     = {130},
  publisher = {高等教育出版社},
  address   = {北京}
}

@article{kuhn1991derivative,
  title     = {The derivative {\'a} la {Carath{\'e}odory}},
  author    = {Kuhn, Stephen},
  journal   = {The American Mathematical Monthly},
  volume    = {98},
  number    = {1},
  pages     = {40--44},
  year      = {1991},
  publisher = {Taylor \& Francis}
}

@article{Wu:AccuracyOfSolidGeometryUsingSets,
  title   = {立体几何使用 ``集合语言'' 的准确性},
  author  = {吴长庆},
  key     = {wu2 chang1 qing4},
  journal = {唐山师范学院学报},
  volume  = {5},
  pages   = {76},
  year    = {1997}
}

@misc{Marian:FunctionsWithoutVariables,
  title   = {How to define functions without using variables},
  author  = {Marian, Jakub},
  url     = {https://jakubmarian.com/how-to-define-functions-without-using-variables/},
  date    = {2013-10-11},
  urldate = {2022-03-25}
}

@misc{Marian:DifferentiationWithoutVariables,
  title   = {Differentiation (derivatives) without variables},
  author  = {Marian, Jakub},
  url     = {https://jakubmarian.com/differentiation-derivatives-without-variables/},
  date    = {2013-10-14},
  urldate = {2022-03-25}
}

@misc{Marian:IndefiniteIntegrationWithoutVariables,
  title   = {Indefinite integration without variables},
  author  = {Marian, Jakub},
  url     = {https://jakubmarian.com/indefinite-integration-computing-integrals-without-variables/},
  date    = {2014-01-12},
  urldate = {2022-03-25}
}

@misc{Marian:SecondSubstitutionMethodForIntegrationWithoutVariables,
  title   = {Second substitution method for integration without variables},
  author  = {Marian, Jakub},
  url     = {https://jakubmarian.com/second-substitution-method-for-integration-without-variables/},
  date    = {2014-02-01},
  urldate = {2022-03-25}
}

@misc{Marian:QuantificationWithoutVariables,
  title   = {Quantification without variables},
  author  = {Marian, Jakub},
  url     = {https://jakubmarian.com/quantification-without-variables/},
  date    = {2014-02-15},
  urldate = {2022-03-25}
}

@misc{Marian:DefiniteIntegrationWithoutVariables,
  title   = {Definite integration without variables},
  author  = {Marian, Jakub},
  url     = {https://jakubmarian.com/definite-integration-without-variables/},
  date    = {2014-04-23},
  urldate = {2022-03-25}
}

@misc{Marian:CalculusOfFiniteDifferencesWithoutVariables,
  title   = {Calculus of finite differences without variables},
  author  = {Marian, Jakub},
  url     = {https://jakubmarian.com/calculus-of-finite-differences-without-variables/},
  date    = {2014-05-08},
  urldate = {2022-03-25}
}

@book{Mei:Analysis,
  title     = {数学分析},
  author    = {梅加强},
  key       = {mei2 jia1 qiang2},
  isbn      = {9787040533446},
  year      = {2020},
  pages     = {66--77},
  publisher = {高等教育出版社},
  edition   = {2},
  address   = {北京}
}
