@article{Menger:AreVariablesNecessaryInCalculus,
  title     = {Are variables necessary in calculus?},
  author    = {Menger, Karl},
  journal   = {The American Mathematical Monthly},
  volume    = {56},
  number    = {9},
  pages     = {609--620},
  year      = {1949},
  publisher = {Taylor \& Francis}
}

@misc{Marian:FunctionsWithoutVariables,
  title   = {How to define functions without using variables},
  author  = {Marian, Jakub},
  url     = {https://jakubmarian.com/how-to-define-functions-without-using-variables/},
  date    = {2013-10-11},
  urldate = {2022-03-25}
}

@misc{Marian:DifferentiationWithoutVariables,
  title   = {Differentiation (derivatives) without variables},
  author  = {Marian, Jakub},
  url     = {https://jakubmarian.com/differentiation-derivatives-without-variables/},
  date    = {2013-10-14},
  urldate = {2022-03-25}
}

@misc{Marian:IndefiniteIntegrationWithoutVariables,
  title   = {Indefinite integration without variables},
  author  = {Marian, Jakub},
  url     = {https://jakubmarian.com/indefinite-integration-computing-integrals-without-variables/},
  date    = {2014-01-12},
  urldate = {2022-03-25}
}

@misc{Marian:SecondSubstitutionMethodForIntegrationWithoutVariables,
  title   = {Second substitution method for integration without variables},
  author  = {Marian, Jakub},
  url     = {https://jakubmarian.com/second-substitution-method-for-integration-without-variables/},
  date    = {2014-02-01},
  urldate = {2022-03-25}
}

@misc{Marian:QuantificationWithoutVariables,
  title   = {Quantification without variables},
  author  = {Marian, Jakub},
  url     = {https://jakubmarian.com/quantification-without-variables/},
  date    = {2014-02-15},
  urldate = {2022-03-25}
}

@misc{Marian:DefiniteIntegrationWithoutVariables,
  title   = {Definite integration without variables},
  author  = {Marian, Jakub},
  url     = {https://jakubmarian.com/definite-integration-without-variables/},
  date    = {2014-04-23},
  urldate = {2022-03-25}
}

@misc{Marian:CalculusOfFiniteDifferencesWithoutVariables,
  title   = {Calculus of finite differences without variables},
  author  = {Marian, Jakub},
  url     = {https://jakubmarian.com/calculus-of-finite-differences-without-variables/},
  date    = {2014-05-08},
  urldate = {2022-03-25}
}
