@article{Kuhn:DerivativeALaCaratheodory,
    author    = {Kuhn, Stephen},
    journal   = {The American Mathematical Monthly},
    note      = {This is a paper which discusses derivatives
                 \'a la Carath\'eodory, which makes
                 full use of continuity.},
    number    = {1},
    pages     = {40--44},
    publisher = {Taylor \& Francis},
    title     = {The derivative \'a la {Carath\'eodory}},
    volume    = {98},
    year      = {1991}
}

@online{Marian:CalculusOfFiniteDifferencesWithoutVariables,
    author  = {Marian, Jakub},
    date    = {2014-05-08},
    title   = {Calculus of finite differences without variables},
    url     = {https://jakubmarian.com/calculus-of-finite-differences-without-variables/},
    urldate = {2022-03-25}
}

@online{Marian:DefiniteIntegrationWithoutVariables,
    author  = {Marian, Jakub},
    date    = {2014-04-23},
    title   = {Definite integration without variables},
    url     = {https://jakubmarian.com/definite-integration-without-variables/},
    urldate = {2022-03-25}
}

@online{Marian:DifferentiationWithoutVariables,
    author  = {Marian, Jakub},
    date    = {2013-10-14},
    title   = {Differentiation (derivatives) without variables},
    url     = {https://jakubmarian.com/differentiation-derivatives-without-variables/},
    urldate = {2022-03-25}
}

@online{Marian:FunctionsWithoutVariables,
    author  = {Marian, Jakub},
    date    = {2013-10-11},
    title   = {How to define functions without using variables},
    url     = {https://jakubmarian.com/how-to-define-functions-without-using-variables/},
    urldate = {2022-03-25}
}

@online{Marian:IndefiniteIntegrationWithoutVariables,
    author  = {Marian, Jakub},
    date    = {2014-01-12},
    title   = {Indefinite integration without variables},
    url     = {https://jakubmarian.com/indefinite-integration-computing-integrals-without-variables/},
    urldate = {2022-03-25}
}

@online{Marian:QuantificationWithoutVariables,
    author  = {Marian, Jakub},
    date    = {2014-02-15},
    title   = {Quantification without variables},
    url     = {https://jakubmarian.com/quantification-without-variables/},
    urldate = {2022-03-25}
}

@online{Marian:SecondSubstitutionMethodForIntegrationWithoutVariables,
    author  = {Marian, Jakub},
    date    = {2014-02-01},
    title   = {Second substitution method for integration
               without variables},
    url     = {https://jakubmarian.com/second-substitution-method-for-integration-without-variables/},
    urldate = {2022-03-25}
}

@article{Menger:AreVariablesNecessaryInCalculus,
    author    = {Menger, Karl},
    journal   = {The American Mathematical Monthly},
    number    = {9},
    pages     = {609--620},
    publisher = {Taylor \& Francis},
    title     = {Are variables necessary in calculus?},
    volume    = {56},
    year      = {1949}
}

@book{Rudin:MathematicalAnalysis,
    address   = {New York},
    author    = {Rudin, Walter},
    edition   = {3},
    isbn      = {9780070542358},
    pages     = {136--137, 141--142},
    publisher = {McGraw-Hill},
    title     = {Principles of mathematical analysis},
    year      = {1976}
}

@book{Mei:Analysis,
    address   = {北京},
    author    = {梅加强},
    edition   = {2},
    isbn      = {9787040533446},
    key       = {mei2 jia1 qiang2},
    pages     = {66--77},
    publisher = {高等教育出版社},
    title     = {数学分析},
    year      = {2020}
}

@article{Ruan:OpinionsOnSolidGeometryUsingSets,
    author  = {阮龙培},
    journal = {数学通报},
    key     = {ruan3 long2 pei2},
    pages   = {31},
    title   = {关于立体几何应用集合论符号的几点看法},
    volume  = {1},
    year    = {1986}
}

@article{Wu:AccuracyOfSolidGeometryUsingSets,
    author  = {吴长庆},
    journal = {唐山师范学院学报},
    key     = {wu2 chang1 qing4},
    pages   = {76},
    title   = {立体几何使用 ``集合语言'' 的准确性},
    volume  = {5},
    year    = {1997}
}

@book{Zhang:Analysis,
    address   = {北京},
    author    = {张筑生},
    isbn      = {9787301008461},
    key       = {zhang1 zhu4 sheng1},
    pages     = {130},
    publisher = {高等教育出版社},
    title     = {数学分析新讲},
    volume    = {1},
    year      = {1990}
}
