% The package "hologo" is required.

@online{Unlicense:Unlicense,
    date    = {2019-02-11},
    note    = {the license used by the source code},
    title   = {{\href{https://unlicense.org/}{Unlicense.org}}
               » {Unlicense} yourself: set your code free},
    url     = {https://unlicense.org/},
    urldate = {2022-06-06}
}

@online{CreativeCommons:CC0,
    date    = {2020-07-21},
    note    = {the license used by the book},
    title   = {{Creative Commons} legal code},
    url     = {https://creativecommons.org/publicdomain/zero/1.0/legalcode},
    urldate = {2022-06-06}
}

@book{Knuth:TeXBook,
    address   = {Reading, Massachusetts},
    author    = {Knuth, Donald Ervin},
    edition   = {16th},
    isbn      = {0-201-13447-0},
    note      = {Revised to cover \hologo{TeX}3, 1991},
    publisher = {Addison-Wesley},
    series    = {Computers and Typesetting},
    title     = {The \hologo{TeX}book},
    volume    = {A},
    year      = {1989}
}

@book{Mittelbach:LaTeXCompanion,
    address   = {Reading, Massachusetts},
    author    = {Mittelbach, Frank and Goossens, Michel
                 and Braams, Johannes L. and Carlisle, David P.
                 and Rowley, Chris A.},
    edition   = {second},
    isbn      = {0-201-36299-6},
    month     = apr,
    publisher = {Addison-Wesley Professional},
    series    = {Tools and techniques for computer typesetting},
    title     = {The \hologo{LaTeX} companion 2},
    year      = 2004
}

@software{CTEX:ctex,
    author   = {{\href{http://www.ctex.org}{CTEX.ORG}}
                and others},
    date     = {2022-06-04},
    subtitle = {\hologo{LaTeX} classes and packages
                for {Chinese} typesetting},
    title    = {{\textsf{ctex}}},
    url      = {https://ctan.org/pkg/ctex},
    urldate  = {2022-06-06},
    version  = {2.5.9}
}

@software{Umeko:geometry,
    author   = {Umeki, Hideo and Carlisle, David},
    date     = {2020-01-02},
    subtitle = {Flexible and complete interface to
                document dimensions},
    title    = {{\textsf{geometry}}},
    url      = {https://ctan.org/pkg/geometry},
    urldate  = {2022-06-06},
    version  = {5.9}
}

@software{Arseneau:import,
    author   = {Arseneau, Donald},
    date     = {2020-04-01},
    subtitle = {Establish input relative to a directory},
    title    = {{\textsf{import}}},
    url      = {https://ctan.org/pkg/import},
    urldate  = {2022-06-06},
    version  = {6.2}
}

@software{Gregorio:xpatch,
    author   = {Gregorio, Enrico},
    date     = {2020-03-25},
    subtitle = {Extending \textsf{etoolbox} patching commands},
    title    = {{\textsf{xpatch}}},
    url      = {https://ctan.org/pkg/xpatch},
    urldate  = {2022-06-06},
    version  = {0.3a}
}

@software{Gregorio:imakeidx,
    author   = {Gregorio, Enrico},
    date     = {2016-10-15},
    subtitle = {A package for producing multiple indexes},
    title    = {{\textsf{imakeidx}}},
    url      = {https://ctan.org/pkg/imakeidx},
    urldate  = {2022-06-06},
    version  = {1.3e}
}

@software{Oberdiek:hologo,
    author   = {Oberdiek, Heiko},
    date     = {2021-11-16},
    subtitle = {A collection of logos with bookmark support},
    title    = {{\textsf{hologo}}},
    url      = {https://ctan.org/pkg/hologo},
    urldate  = {2022-06-06},
    version  = {1.15}
}

@software{Wright:siunitx,
    author   = {Wright, Joseph},
    date     = {2022-05-31},
    subtitle = {A comprehensive {(SI)} units package},
    title    = {{\textsf{siunitx}}},
    url      = {https://ctan.org/pkg/siunitx},
    urldate  = {2022-06-06},
    version  = {3.1.2}
}

@software{AMS:amsmath,
    author   = {{{\hologo{LaTeX3} Project}}
                and {American Mathematical Society}},
    date     = {2021-11-15},
    subtitle = {{AMS} mathematical facilities for \hologo{LaTeX}},
    title    = {{\textsf{amsmath}}},
    url      = {https://ctan.org/pkg/amsmath},
    urldate  = {2022-06-06},
    version  = {2.1}
}

@software{Hogholm:mathtools,
    author   = {H\o{}gholm, Morten and Madsen, Lars
                and {\hologo{LaTeX3} Project}},
    date     = {2022-02-27},
    subtitle = {Mathematical tools to use
                with \textsf{amsmath}},
    title    = {{\textsf{mathtools}}},
    url      = {https://ctan.org/pkg/mathtools},
    urldate  = {2022-06-06},
    version  = {1.28a}
}

@software{Robertson:unicode-math,
    author   = {Robertson, Will and Stephani, Philipp
                and Wright, Joseph and Hosny, Khaled
                and others},
    date     = {2020-01-31},
    subtitle = {{Unicode} mathematics support for
                \hologo{XeTeX} and \hologo{LuaTeX}},
    title    = {{\textsf{unicode-math}}},
    url      = {https://ctan.org/pkg/unicode-math},
    urldate  = {2022-06-06},
    version  = {0.8q}
}

@software{AMS:amsthm,
    author   = {{American Mathematical Society}},
    date     = {2020-05-29},
    subtitle = {Typesetting theorems ({AMS} style)},
    title    = {{\textsf{amsthm}}},
    url      = {https://ctan.org/pkg/amsthm},
    urldate  = {2022-06-06},
    version  = {2.20.3}
}

@software{Schwarz:thmtools,
    author   = {Schwarz, Ulrich M. and Chou, Yukai},
    date     = {2022-06-01},
    subtitle = {Extensions to theorem environments},
    title    = {{\textsf{thmtools}}},
    url      = {https://ctan.org/pkg/thmtools},
    urldate  = {2022-06-06},
    version  = {0.73}
}

@software{Rahtz:hyperref,
    author   = {Rahtz, Sebastian and Oberdiek, Heiko
                and {\hologo{LaTeX3} Project}},
    date     = {2022-05-17},
    subtitle = {Extensive support for hypertext in \hologo{LaTeX}},
    title    = {{\textsf{hyperref}}},
    url      = {https://ctan.org/pkg/hyperref},
    urldate  = {2022-06-06},
    version  = {7.00q}
}

@software{Oberdiek:bookmark,
    author   = {Oberdiek, Heiko},
    date     = {2020-11-06},
    subtitle = {A new bookmark (outline) organization
                for \textsf{hyperref}},
    title    = {{\textsf{bookmark}}},
    url      = {https://ctan.org/pkg/bookmark},
    urldate  = {2022-06-06},
    version  = {1.29}
}

@software{Fairbairns:footmisc,
    author   = {Fairbairns, Robin and Mittelbach, Frank},
    date     = {2022-03-08},
    subtitle = {A range of footnote options},
    title    = {{\textsf{footmisc}}},
    url      = {https://ctan.org/pkg/footmisc},
    urldate  = {2022-06-06},
    version  = {6.0d}
}

@software{VanOostrum:fancyhdr,
    author   = {van Oostrum, Pieter},
    date     = {2022-05-18},
    subtitle = {Extensive control of page headers and footers
                in \hologo{LaTeX2e}},
    title    = {{\textsf{fancyhdr}}},
    url      = {https://ctan.org/pkg/fancyhdr},
    urldate  = {2022-06-06},
    version  = {4.0.3}
}

@software{Wette:emptypage,
    author   = {Wette, Karl},
    date     = {2010-04-30},
    subtitle = {Make empty pages really empty},
    title    = {{\textsf{emptypage}}},
    url      = {https://ctan.org/pkg/emptypage},
    urldate  = {2022-06-06},
    version  = {1.2}
}

@software{Wette:evenpage,
    author   = {Bosisio, Francesco},
    date     = {1998-01-21},
    subtitle = {Ensure that the total number of pages is even},
    title    = {{\textsf{evenpage}}},
    url      = {https://ctan.org/pkg/evenpage},
    urldate  = {2022-06-06},
    version  = {1.0}
}

@software{Bezos:enumitem,
    author   = {Bezos, Javier},
    date     = {2019-06-20},
    subtitle = {Control layout of \textsf{itemize},
                \textsf{enumerate},
                \textsf{description}},
    title    = {{\textsf{enumitem}}},
    url      = {https://ctan.org/pkg/enumitem},
    urldate  = {2022-06-06},
    version  = {3.9}
}

@software{Lehman:biblatex,
    author   = {Lehman, Philipp and Wright Joseph
                and Boruvka Audrey and Kime, Philip},
    date     = {2022-02-02},
    subtitle = {Sophisticated bibliographies in \hologo{LaTeX}},
    title    = {{Bib\hologo{LaTeX}}},
    url      = {https://ctan.org/pkg/biblatex},
    urldate  = {2022-06-06},
    version  = {3.17}
}

@software{Hu:biblatex-gb7714-2015,
    author   = {胡振震},
    date     = {2022-05-17},
    key      = {hu2 zhen4 zhen4},
    subtitle = {符合 {GB/T~7714-2015} 标准的
                {Bib\hologo{LaTeX}} 参考文献样式},
    title    = {{\textsf{biblatex-gb7714-2015}}},
    url      = {https://ctan.org/pkg/biblatex-gb7714-2015},
    urldate  = {2022-06-06},
    version  = {1.1i}
}

@software{Heinz:listings,
    author   = {Heinz, Carsten and Moses, Brooks
                and Hoffmann, Jobst},
    date     = {2020-03-24},
    subtitle = {Typeset source code listings using \hologo{LaTeX}},
    title    = {{\textsf{listings}}},
    url      = {https://ctan.org/pkg/listings},
    urldate  = {2022-06-06},
    version  = {1.8d}
}

@software{Carlisle:longtable,
    author   = {Carlisle, David and Kastrup, David
                and {\hologo{LaTeX3} Project}},
    date     = {2021-09-01},
    subtitle = {Allow tables to flow over page boundaries},
    title    = {{\textsf{longtable}}},
    url      = {https://ctan.org/pkg/longtable},
    urldate  = {2022-06-06},
    version  = {4.17}
}

@software{Carlisle:graphicx,
    author   = {Carlisle, David and Rahtz, Sebastian
                and {\hologo{LaTeX3} Project}},
    date     = {2021-09-16},
    subtitle = {Enhanced support for graphics},
    title    = {{\textsf{graphicx}}},
    url      = {https://ctan.org/pkg/graphicx},
    urldate  = {2022-06-06},
    version  = {1.2d}
}

@software{Sommerfeldt:subcaption,
    author   = {Sommerfeldt, Axel},
    date     = {2022-02-20},
    subtitle = {Support for sub-captions},
    title    = {{\textsf{subcaption}}},
    url      = {https://ctan.org/pkg/subcaption},
    urldate  = {2022-06-06},
    version  = {1.5}
}

@software{Segletes:readarray,
    author   = {Segletes, Steven B.},
    date     = {2021-09-17},
    subtitle = {Read, store and recall array-formatted data},
    title    = {{\textsf{readarray}}},
    url      = {https://ctan.org/pkg/readarray},
    urldate  = {2022-06-06},
    version  = {3.1}
}

@software{Talbot:glossaries-extra,
    author   = {Talbot, Nicola},
    date     = {2021-11-22},
    subtitle = {An extension to the
                \textsf{glossaries} package},
    title    = {{\textsf{glossaries-extra}}},
    url      = {https://ctan.org/pkg/glossaries-extra},
    urldate  = {2022-06-06},
    version  = {1.48}
}

@software{Wilson:memoir,
    author   = {Wilson, Peter R. and Madsen, Lars},
    date     = {2022-02-20},
    subtitle = {Typeset fiction, non-fiction and
                mathematical books},
    title    = {{\textsf{memoir}}},
    url      = {https://ctan.org/pkg/memoir},
    urldate  = {2022-06-06},
    version  = {3.7q}
}

@software{Kohm:KOMAScript,
    author   = {Kohm, Markus},
    date     = {2022-05-08},
    subtitle = {A bundle of versatile classes and packages},
    title    = {{\hologo{KOMAScript}}},
    url      = {https://ctan.org/pkg/koma-script},
    urldate  = {2022-06-06},
    version  = {3.36}
}

@software{Zeng:zhlipsum,
    author   = {曾祥东},
    date     = {2020-04-10},
    key      = {zeng1 xiang2 dong1},
    subtitle = {中文乱数假文 (Lorem ipsum)},
    title    = {{\textsf{zhlipsum}}},
    url      = {https://ctan.org/pkg/zhlipsum},
    urldate  = {2022-06-06},
    version  = {1.2.0}
}
