% The package "hologo" is required.

@online{Anglish:List_of_Lores,
    author  = {{The Anglish Moot}},
    date    = {2021-07-09},
    title   = {List of lores},
    url     = {https://anglish.fandom.com/wiki/List_of_Lores},
    urldate = {2022-06-06}
}

@online{Anglish:List_of_Greens_Ovets_and_Crouds,
    author  = {{The Anglish Moot}},
    date    = {2020-09-02},
    note    = {List of Vegetables, Fruits and Spices},
    title   = {List of greens, ovets, and crouds},
    url     = {https://anglish.fandom.com/wiki/List_of_Greens,_Ovets,_and_Crouds},
    urldate = {2022-06-06}
}

@online{Anglish:I_Have_a_Dream,
    author     = {King, Jr, Martin Luther},
    date       = {2017-06-19},
    title      = {I have a dream},
    translator = {{The Anglish Moot}},
    url        = {https://anglish.fandom.com/wiki/I_Have_a_Dream},
    urldate    = {2022-06-06}
}

@online{Zolotas:two_speeches,
    author  = {Zolotas, Xenofon},
    date    = {2020-06-30},
    title   = {The speeches of {Professor Xenofon Zolotas}},
    url     = {https://www.explorecrete.com/various/greek-zolotas.htm},
    urldate = {2022-06-06}
}

@online{Wikipedia:aspirin,
    author  = {维基百科},
    date    = {2020-04-10},
    key     = {wei2 ji1 bai3 ke1},
    title   = {乙酰水杨酸},
    url     = {https://zh.wikipedia.org/zh-cn/乙酰水杨酸},
    urldate = {2022-06-06}
}

@inbook{Zhou:NewYearSacrifice,
    author    = {鲁迅},
    booktitle = {彷徨},
    date      = {1924-02-07},
    key       = {lu3 xun4},
    title     = {祝福},
    url       = {https://www.marxists.org/chinese/reference-books/luxun/04/001.htm},
    urldate   = {2022-06-06}
}

@inbook{Zhou:NewYearSacrificeInEnglish,
    address   = {Beijing},
    author    = {Yang, Xianyi and Yang, Gladys},
    booktitle = {Selected Stories of {Lu Hsun}},
    publisher = {Foreign Languages Press},
    title     = {The new year{\fontspec{XITS}'}s sacrifice},
    url       = {https://www.marxists.org/archive/lu-xun/1924/02/07.htm},
    urldate   = {2022-06-06},
    year      = {1961}
}

@software{SukeraSparo:TheExpressionAmrilato,
    author  = {{SukeraSparo}},
    date    = {2018-11-09},
    title   = {ことのはアムリラート},
    url     = {http://sukerasparo.com/amrilato/},
    urldate = {2022-06-06},
    version = {1.05a}
}

@software{SukeraSparo:DistantMemorajxo,
    author  = {{SukeraSparo}},
    date    = {2019-07-26},
    title   = {いつかのメモラージョ~～ことのはアムリラート～},
    url     = {http://sukerasparo.com/memorajxo/},
    urldate = {2022-06-06},
    version = {1.1.1}
}

@misc{ChenGeGeGeGu:GirlsOnTheDesktop,
    date    = {2021-12-25},
    note    = {The artist who made some girls on the desktop},
    title   = {辰鸽鸽鸽咕},
    url     = {https://space.bilibili.com/167378770},
    urldate = {2022-06-06}
}

@manual{Wang:InstallLaTeXGuide,
    author  = {王然},
    date    = {2022-05-01},
    key     = {wang2 ran2},
    title   = {一份简短的关于 \hologo{LaTeX} 安装的介绍},
    url     = {http://mirrors.ctan.org/info/install-latex-guide-zh-cn/install-latex-guide-zh-cn.pdf},
    urldate = {2022-06-06},
    version = {2022.5.1}
}

@book{Liu:LaTeX,
    address   = {北京},
    author    = {刘海洋},
    isbn      = {9787121202087},
    key       = {liu2 hai3 yang2},
    publisher = {电子工业出版社},
    title     = {\hologo{LaTeX} 入门},
    year      = {2013}
}

@manual{Bao:LaTeXNotes,
    author      = {包太雷},
    date        = {2021-09-21},
    institution = {一品文化教育},
    key         = {bao1 tai4 lei2},
    subtitle    = {雷太赫排版系统简介},
    title       = {\hologo{LaTeX} notes},
    url         = {https://github.com/huangxg/lnotes},
    urldate     = {2022-06-06},
    version     = {2.62}
}

@manual{Wu:NoteByLaTeX,
    author  = {吴康隆},
    date    = {2019-12-15},
    key     = {wu2 kang1 long2},
    title   = {简单粗暴 \hologo{LaTeX}},
    url     = {https://github.com/wklchris/Note-by-LaTeX},
    urldate = {2022-06-06},
    version = {1.6.4-pre}
}

@manual{Oetiker:LaTeXShort,
    author   = {Oetiker, Tobias and Partl, Hubert
                and Hyna, Irene and Schlegl, Elisabeth},
    date     = {2021-09-21},
    subtitle = {Or {\hologo{LaTeX2e}} in 139~minutes},
    title    = {The not so short
                introduction to {\hologo{LaTeX2e}}},
    url      = {http://mirrors.ctan.org/info/lshort/english/lshort.pdf},
    urldate  = {2022-06-06},
    version  = {6.4}
}

@manual{CTeX:LaTeXShort,
    author   = {{C\hologo{TeX} 开发小组}},
    date     = {2021-11-20},
    key      = {ctex kai1 fa1 xiao3 zu3},
    subtitle = {或 111~分钟了解 \hologo{LaTeX2e}},
    title    = {一份 (不太) 简短的 \hologo{LaTeX2e} 介绍},
    url      = {http://mirrors.ctan.org/info/lshort/chinese/lshort-zh-cn.pdf},
    urldate  = {2022-06-06},
    version  = {6.03}
}
